@book{Zettili2009,
	address = {Jacksonville},
	author = {Zettili, Nouredine},
	edition = {Second},
	isbn = {978-0-470-02679-3},
	pages = {671},
	publisher = {John Wiley and Sons},
	title = {{Quantum Mechanics Concepts and Applications}},
	year = {2009}
}
@book{Hecht2002,
	address = {San Francisco},
	author = {Hecht, Eugene},
	edition = {4},
	isbn = {0-8053-8566-5},
	pages = {405--409},
	publisher = {Pearson Education},
	title = {{Optics}},
	year = {2002}
}





